@article{cosmec,
	Author = {Tarasowa, Darya and Auer, S{\"o}ren and Khalili, Ali and Unbehauen, J{\"o}rg},
	Journal = {Open Praxis},
	Number = {2},
	Pages = {159--170},
	Title = {Crowd-sourcing (semantically) Structured Multilingual Educational Content (CoSMEC)},
	Volume = {6},
	Year = {2014}
}


@inproceedings{csedu_scoring,
	Author = {Darya Tarasowa and S{\"o}ren Auer},
	Booktitle = {5th International Conference on Computer Supported Education (CSEDU 2013 )},
	Title = {Balanced scoring method for multiple-mark questions},
	Url = {http://svn.aksw.org/papers/2013/CSEDU2013_Balanced_scoring/public.pdf},
	Year = {2013}
}

@inproceedings{csedu_slidewiki,
	Author = {Darya Tarasowa and Ali Khalili and S{\"o}ren Auer and J{\"o}rg Unbehauen},
	Booktitle = {5th International Conference on Computer Supported Education (CSEDU 2013 )},
	Pages = {33--42},
	Title = {CrowdLearn: Crowd-sourcing the Creation of Highly-structured E-Learning Content},
	Url = {http://svn.aksw.org/papers/2013/CSEDU2013_SlideWiki/public.pdf},
	Year = {2013}
}

@inproceedings{rdb2rdf,
	Author = {Tarasowa, Darya and Lange, Christoph and Auer, S{\"o}ren},
	Pages = {210--224},
	Title = {Measuring the Quality of Relational-to-RDF Mappings},
	Url = {https://www.researchgate.net/publication/283855271_Measuring_the_Quality_of_Relational-to-RDF_Mappings},
        Year = {2015},
	Booktitle = {Proceedings of the KESW 2015},

}